<?xml version="1.0" encoding="UTF-8" ?>
<collection xmlns:xsi="http://www.w3.org/2001/XMLSchema-instance"
    xsi:schemaLocation="http://www.loc.gov/MARC21/slim
        http://www.loc.gov/standards/marcxml/schema/MARC21slim.xsd"
    xmlns="http://www.loc.gov/MARC21/slim">
<record>
  <leader>00237cam a2200445 i 4500</leader>
  <controlfield tag="001">b12476286</controlfield>
  <controlfield tag="003">LeBAU</controlfield>
  <controlfield tag="005">20190305</controlfield>
  <controlfield tag="008">970604s1948    le            ||0 0 ara d</controlfield>
  <datafield tag="035" ind1=" " ind2=" ">
    <subfield code="a">ocn784335743</subfield>
  </datafield>
  <datafield tag="040" ind1=" " ind2=" ">
    <subfield code="a">LEAUB</subfield>
    <subfield code="b">ara</subfield>
    <subfield code="e">rda</subfield>
    <subfield code="c">LEAUB</subfield>
    <subfield code="d">LEAUB</subfield>
  </datafield>
  <datafield tag="041" ind1="0" ind2=" ">
    <subfield code="a">ara</subfield>
    <subfield code="b">fre</subfield>
  </datafield>
  <datafield tag="082" ind1="0" ind2="4">
    <subfield code="a">399</subfield>
    <subfield code="2">20</subfield>
  </datafield>
  <datafield tag="100" ind1="1" ind2=" ">
    <subfield code="6">880-01</subfield>
    <subfield code="a">Ṭarsūsī, Marḍī ibn ʻAlī,</subfield>
    <subfield code="d">-1193,</subfield>
    <subfield code="e">author.</subfield>
  </datafield>
  <datafield tag="245" ind1="1" ind2="0">
    <subfield code="6">880-02</subfield>
    <subfield code="a">Tabṣirat arbāb al-albāb :</subfield>
    <subfield code="b">fī kayfīyat al-najāt fī al-ḥurūb min al-aswāʼ wa-nashr aʻlām al-aʻlām fī al-ʻudad wa-al-ālāt al-muʻīnah ʻalá liqāʼ al-aʻdāʼ /</subfield>
    <subfield code="c">taʼlīf Marḍī ibn ʻAlī ibn Marḍī al-Ṭarsūsī, al-mutawaffá sanat 589 Hijrīyah, allafahu li-Ṣalāḥ al-Dīn al-Ayyūbī ; ʻuniya bi-taḥqīqihi wa-nashrihi Klūd Kāhīn.</subfield>
  </datafield>
  <datafield tag="246" ind1="1" ind2="5">
    <subfield code="a">Un traité d'armurerie composé pour saladin.</subfield>
  </datafield>
  <datafield tag="264" ind1=" " ind2="1">
    <subfield code="6">880-03</subfield>
    <subfield code="a">Beyrouth :</subfield>
    <subfield code="b">Klūd Kāhīn,</subfield>
    <subfield code="c">1948.</subfield>
  </datafield>
  <datafield tag="300" ind1=" " ind2=" ">
    <subfield code="6">880-04</subfield>
    <subfield code="a">21 pages ;</subfield>
    <subfield code="c">28 cm</subfield>
  </datafield>
  <datafield tag="336" ind1=" " ind2=" ">
    <subfield code="a">text</subfield>
    <subfield code="b">txt</subfield>
    <subfield code="2">rdacontent</subfield>
  </datafield>
  <datafield tag="337" ind1=" " ind2=" ">
    <subfield code="a">unmediated</subfield>
    <subfield code="b">n</subfield>
    <subfield code="2">rdamedia</subfield>
  </datafield>
  <datafield tag="338" ind1=" " ind2=" ">
    <subfield code="a">volume</subfield>
    <subfield code="b">nc</subfield>
    <subfield code="2">rdacarrier</subfield>
  </datafield>
  <datafield tag="500" ind1=" " ind2=" ">
    <subfield code="a">"Extrait de Bulletin D'etudes orientales, tome xii, anneés 1947-1948."--صفحة العنوان الإضافية.</subfield>
  </datafield>
  <datafield tag="546" ind1=" " ind2=" ">
    <subfield code="a">النص بالعربية؛ مع مقدمة بالفرنسية.</subfield>
  </datafield>
  <datafield tag="650" ind1=" " ind2="4">
    <subfield code="a">الاسلحة الاسلامية</subfield>
    <subfield code="x">تاريخ.</subfield>
  </datafield>
  <datafield tag="650" ind1=" " ind2="4">
    <subfield code="a">الفنون والعلوم العسكرية.</subfield>
    <subfield code="z">الامبراطورية الاسلامية.</subfield>
  </datafield>
  <datafield tag="650" ind1=" " ind2="0">
    <subfield code="a">Islamic weapons</subfield>
    <subfield code="x">History.</subfield>
  </datafield>
  <datafield tag="650" ind1=" " ind2="0">
    <subfield code="a">Military art and science</subfield>
    <subfield code="z">Islamic Empire</subfield>
  </datafield>
  <datafield tag="700" ind1="1" ind2=" ">
    <subfield code="6">880-05</subfield>
    <subfield code="a">Cahen, Claude,</subfield>
    <subfield code="e">editor.</subfield>
  </datafield>
  <datafield tag="777" ind1="0" ind2=" ">
    <subfield code="6">880-06</subfield>
    <subfield code="i">has whole-part manifestation relationship with</subfield>
    <subfield code="4">http://rdaregistry.info/Elements/m/P30213 :</subfield>
    <subfield code="t">Bulletin d'etudes orientales.</subfield>
    <subfield code="d">Damas : Institut français de Damas, 1931-</subfield>
    <subfield code="w">(LEAUB)b11999500</subfield>
  </datafield>
  <datafield tag="852" ind1=" " ind2=" ">
    <subfield code="a">Jafet Library</subfield>
    <subfield code="e">American University of Beirut, Bliss Street , Beirut, Lebanon.</subfield>
  </datafield>
  <datafield tag="880" ind1="1" ind2=" ">
    <subfield code="6">100-01/(3/r</subfield>
    <subfield code="a">الطرسوسي، مرضي بن علي،</subfield>
    <subfield code="d">-1193،</subfield>
    <subfield code="e">مؤلف. </subfield>
    <subfield code="4">aut.</subfield>
  </datafield>
  <datafield tag="880" ind1="1" ind2="0">
    <subfield code="6">245-02/(3/r</subfield>
    <subfield code="a">تبصرة أرباب الألباب :</subfield>
    <subfield code="b">في كيفية النجاة في الحروب من الأسواء ونشر أعلام الأعلام في العدد والآلات المعينة على لقاء الأعداء /</subfield>
    <subfield code="c">تأليف مرضي بن علي بن مرضي الطرسوسي المتوفى سنة 589 هجرية، ألفه لصلاح الدين الأيوبي ؛ عني بتحقيقه ونشره كلود كاهين.</subfield>
  </datafield>
  <datafield tag="880" ind1=" " ind2="1">
    <subfield code="6">264-03/(3/r</subfield>
    <subfield code="a">Beyrouth :</subfield>
    <subfield code="b">كلود كاهين،</subfield>
    <subfield code="c">1948.</subfield>
  </datafield>
  <datafield tag="880" ind1=" " ind2=" ">
    <subfield code="6">300-04/(3/r</subfield>
    <subfield code="a">21 صفحة ؛</subfield>
    <subfield code="c">28 سم</subfield>
  </datafield>
  <datafield tag="880" ind1="1" ind2=" ">
    <subfield code="6">700-05/(3/r</subfield>
    <subfield code="a">كاهين، كلود،</subfield>
    <subfield code="e">محرر. </subfield>
    <subfield code="4">edt.</subfield>
  </datafield>
  <datafield tag="880" ind1="0" ind2=" ">
    <subfield code="6">777-06/(3/r</subfield>
    <subfield code="i">علاقة جزء-كل مع تجسيدة</subfield>
    <subfield code="4">http://rdaregistry.info/Elements/m/P30213 :</subfield>
    <subfield code="t">Bulletin d'etudes orientales.</subfield>
    <subfield code="d">Damas : Institut français de Damas, 1931-</subfield>
    <subfield code="w">(LEAUB)b11999500</subfield>
  </datafield>
  <datafield tag="907" ind1=" " ind2=" ">
    <subfield code="a">.b12476286</subfield>
    <subfield code="b">19-03-20</subfield>
    <subfield code="c">11-05-24</subfield>
  </datafield>
  <datafield tag="907" ind1=" " ind2=" ">
    <subfield code="a">.b12476286</subfield>
    <subfield code="b">15-10-15</subfield>
    <subfield code="c">11-05-24</subfield>
  </datafield>
  <datafield tag="945" ind1=" " ind2=" ">
    <subfield code="f">J</subfield>
    <subfield code="a">399:T193tA:c.1</subfield>
    <subfield code="i">01024748</subfield>
    <subfield code="j">.i12960949</subfield>
    <subfield code="l">u0503</subfield>
  </datafield>
  <datafield tag="998" ind1=" " ind2=" ">
    <subfield code="a">u05</subfield>
    <subfield code="b">97-06-04</subfield>
    <subfield code="c">m</subfield>
    <subfield code="d">a  </subfield>
    <subfield code="e">-</subfield>
    <subfield code="f">ara</subfield>
    <subfield code="g">le </subfield>
    <subfield code="h">0</subfield>
    <subfield code="i">1</subfield>
  </datafield>
</record>
</collection>
